<?xml version="1.0" encoding="UTF-8"?><collection xmlns="http://www.loc.gov/MARC21/slim"><record><leader>00443nam--2200181-i-4500</leader><controlfield tag="001">000011245</controlfield><controlfield tag="002">20161230</controlfield><controlfield tag="005">20170107172911</controlfield><controlfield tag="008">060222s1000------------r-----000-0-rus-d</controlfield><datafield ind1=" " ind2=" " tag="040"><subfield code="a">IFIN-HH</subfield></datafield><datafield ind1=" " ind2=" " tag="041"><subfield code="a">rus</subfield></datafield><datafield ind1=" " ind2=" " tag="080"><subfield code="a">539.143</subfield></datafield><datafield ind1="1" ind2=" " tag="110"><subfield code="a">Akademia An GSSR</subfield></datafield><datafield ind1="1" ind2="0" tag="245"><subfield code="a">Issledovania po teorii strukturi legkih iader</subfield></datafield><datafield ind1=" " ind2=" " tag="260"><subfield code="a">Tbilisi</subfield><subfield code="b">Metniereba</subfield><subfield code="c">1974</subfield></datafield><datafield ind1=" " ind2=" " tag="300"><subfield code="a">89 p</subfield></datafield><datafield ind1=" " ind2=" " tag="852"><subfield code="a">42633</subfield><subfield code="c">539.14</subfield></datafield><datafield ind1=" " ind2=" " tag="CAT"><subfield code="a">SYS</subfield><subfield code="c">20170107</subfield><subfield code="h">172911</subfield></datafield></record></collection>